@article{Ibarra2013,
author = {Ibarra, Ignacio},
journal = {Tesis entregada a la Facultad de Ciencias Biológicas de la Pontificia Universidad Católica de Chile en cumplimiento parcial de los requisitos para optar al Título de Bioquímico.},
title = {{Modelamiento Comparativo tridimensional de ADN en doble hebra vía satisfacción de restricciones geométricas espaciales.}},
year = {2013}
}

