%% This BibTeX bibliography file was created using BibDesk.
%% http://bibdesk.sourceforge.net/

%% Manually updated by Thomas Holder

@unpublished{AxPyMOL,
	Author = {{Schr\"odinger, LLC}},
	Date-Added = {2010-08-19 17:58:20 -0400},
	Date-Modified = {2015-12-22 18:04:08 -0400},
	Month = {November},
	Title = {The {AxPyMOL} Molecular Graphics Plugin for {Microsoft PowerPoint}, Version~1.8},
	Year = {2015}}

@unpublished{JyMOL,
	Author = {{Schr\"odinger, LLC}},
	Date-Added = {2010-08-19 17:55:56 -0400},
	Date-Modified = {2015-12-22 18:04:08 -0400},
	Month = {November},
	Title = {The {JyMOL} Molecular Graphics Development Component, Version~1.8},
	Year = {2015}}

@unpublished{PyMOL,
	Annote = {PyMOL

The PyMOL Molecular Graphics System, Version 1.8, Schr{\"o}dinger, LLC.},
	Author = {{Schr\"odinger, LLC}},
	Date-Added = {2010-08-19 17:29:55 -0400},
	Date-Modified = {2015-12-22 18:04:08 -0400},
	Month = {November},
	Title = {The {PyMOL} Molecular Graphics System, Version~1.8},
	Year = {2015}}
