/home/jr1/Dropbox/bibtex/tesis.bib