
@unpublished{thomson,
	Annote = {Thomson Problem @ S.U.},
	Author = {Mark Bowick and Cris Cecka and Luca Giomi and Alan Middleton and Kevin Zielnicki},
  Date-Added = {2010-08-19 17:29:55 -0400},
  Date-Modified = {2015-12-22 18:04:08 -0400},
	Month = {January},
	Title = {Thomson Applet @ S.U.},
	Year = {2002}}
